<?xml version="1.0" encoding="UTF-8"?><collection xmlns="http://www.loc.gov/MARC21/slim"><record><leader>00678nam--2200193-u-4500</leader><controlfield tag="001">000054374</controlfield><controlfield tag="002">20161230</controlfield><controlfield tag="005">20170123180045</controlfield><controlfield tag="008">111205s1000------------r-----000-0-eng-d</controlfield><datafield ind1=" " ind2=" " tag="020"><subfield code="a">286332022X</subfield></datafield><datafield ind1=" " ind2=" " tag="040"><subfield code="a">IFIN-HH</subfield></datafield><datafield ind1=" " ind2=" " tag="080"><subfield code="a">539.12.162.8(061.3)</subfield></datafield><datafield ind1="1" ind2=" " tag="100"><subfield code="a">Tran, Jean Thanh Van</subfield></datafield><datafield ind1="1" ind2=" " tag="245"><subfield code="a">Gluons and heavy flavours</subfield><subfield code="b">Proceedings of the eighteenth rencontre de moriond la plagne-savoie (France) january 23-29, 1983</subfield><subfield code="c">J.tran thanh van (ed.)</subfield></datafield><datafield ind1=" " ind2=" " tag="260"><subfield code="a">Gif-sur-yvette, France</subfield><subfield code="b">Universite De Paris-sud Editions Frontieres</subfield><subfield code="c">1983</subfield></datafield><datafield ind1=" " ind2=" " tag="300"><subfield code="a">696 p</subfield></datafield><datafield ind1=" " ind2=" " tag="490"><subfield code="a">Moriond Proceedings (Rmiem XVIIIi-th) Vol. 1</subfield></datafield><datafield ind1=" " ind2=" " tag="852"><subfield code="a">45672</subfield><subfield code="c">539.12</subfield></datafield><datafield ind1=" " ind2=" " tag="CAT"><subfield code="a">SYS</subfield><subfield code="c">20170123</subfield><subfield code="h">180045</subfield></datafield></record></collection>